@inproceedings{gupta2014performance,
  title={Performance analysis of neural network and fuzzy logic based MPPT techniques for solar PV systems},
  author={Gupta, Ankit and Kumar, Pawan and Pachauri, Rupendra Kumar and Chauhan, Yogesh K},
  booktitle={2014 6th IEEE Power India International Conference (PIICON)},
  pages={1--6},
  year={2014},
  organization={IEEE}
}
@inproceedings{harrabi2017comparative,
  title={Comparative study of fuzzy logic peak power trackers for a photovoltaic system},
  author={Harrabi, Naziha and Kharrat, Maher and Souissi, Mansour and Aitouche, Abdel},
  booktitle={2017 18th International Conference on Sciences and Techniques of Automatic Control and Computer Engineering (STA)},
  pages={539--545},
  year={2017},
  organization={IEEE}
}