@article{PVEmu,
author = {Sampaio, Leonardo and Oliveira da Silva, Sergio},
year = {2017},
month = {11},
pages = {1982-1992},
title = {Graphic Computational Platform Integrated with an Electronic Emulator Dedicated to Photovoltaic Systems Teaching},
volume = {10},
journal = {IET Power Electronics},
doi = {10.1049/iet-pel.2016.1018}
}