
@ARTICLE{6732969,
	author={S. K. {Kollimalla} and M. K. {Mishra}},
	journal={IEEE Transactions on Sustainable Energy},
	title={Variable Perturbation Size Adaptive P O MPPT Algorithm for Sudden Changes in Irradiance},
	year={2014},
	volume={5},
	number={3},
	pages={718-728},
	keywords={adaptive control;maximum power point trackers;perturbation techniques;solar cells;variable perturbation size adaptive perturb and observe MPPT Algorithm;maximum power point tracking algorithm;current perturbation algorithm;adaptive control algorithm;CPA;photovoltaic panel;MPP;ACA;PV panel;VPA;two-stage variable size perturbation;boost converter;Short-circuit currents;Heuristic algorithms;Maximum power point trackers;Oscillators;Power capacitors;Tuning;Temperature;Adaptive control algorithm (ACA);adaptive P&O MPPT algorithm;current perturbation algorithm (CPA);fractional short circuit current (FSCC) method;maximum power point tracking (MPPT);perturb and observe (P&O) method;variable perturbation algorithm (VPA)},
	doi={10.1109/TSTE.2014.2300162},
	ISSN={},
	month={July},}